@article{wolverton1999coordinating,
  title={Coordinating a distributed planning system},
  author={Wolverton, Michael and others},
  journal={AI Magazine},
  volume={20},
  number={4},
  pages={45},
  year={1999}
}

@article{nau2003shop2,
  title={SHOP2: An HTN planning system},
  author={Nau, Dana S and Au, Tsz-Chiu and Ilghami, Okhtay and Kuter, Ugur and Murdock, J William and Wu, Dan and Yaman, Fusun},
  journal={J. Artif. Intell. Res.(JAIR)},
  volume={20},
  pages={379--404},
  year={2003}
}

@book{poole2010artificial,
  title={Artificial Intelligence: foundations of computational agents},
  author={Poole, David L and Mackworth, Alan K},
  year={2010},
  publisher={Cambridge University Press}
}

